%% This BibTeX bibliography file was created using BibDesk.
%% http://bibdesk.sourceforge.net/


%% Created for Sebastian Engel at 2012-08-09 17:04:32 +0200 


%% Saved with string encoding Unicode (UTF-8) 



@webpage{trello:ios,
	Date-Added = {2012-08-09 15:04:10 +0000},
	Date-Modified = {2012-08-09 15:04:29 +0000},
	Howpublished = {\url{http://itunes.apple.com/us/app/trello/id461504587?mt=8}},
	Lastchecked = {Donnerstag, 9. August 2012},
	Title = {App Store - Trello},
	Bdsk-Url-1 = {http://itunes.apple.com/us/app/trello/id461504587?mt=8}}

@webpage{trello:android,
	Date-Added = {2012-08-09 15:00:27 +0000},
	Date-Modified = {2012-08-09 15:00:55 +0000},
	Howpublished = {\url{http://blog.trello.com/trello-android-app-available-for-download/}},
	Lastchecked = {Donnerstag, 9. August 2012},
	Title = {Trello Android App Available for Download! | Trello Blog},
	Bdsk-Url-1 = {http://blog.trello.com/trello-android-app-available-for-download/}}

@webpage{alfred,
	Date-Added = {2012-08-09 08:06:10 +0000},
	Date-Modified = {2012-08-09 08:06:22 +0000},
	Howpublished = {\url{http://www.alfredapp.com/}},
	Lastchecked = {Donnerstag, 9. August 2012},
	Month = {08},
	Title = {Alfred App},
	Url = {http://www.alfredapp.com/},
	Year = {2012},
	Bdsk-Url-1 = {http://www.alfredapp.com/}}

@webpage{:gcalruby,
	Date-Added = {2012-08-02 01:27:10 +0000},
	Date-Modified = {2012-08-09 08:06:48 +0000},
	Lastchecked = {Donnerstag, 2. August 2012},
	Month = {08},
	Title = {google-api-ruby-client - Google APIs Client Library for Ruby - Google Project Hosting},
	Url = {http://code.google.com/p/google-api-ruby-client/},
	Year = {2012},
	Bdsk-Url-1 = {http://code.google.com/p/google-api-ruby-client/}}

@webpage{:gcalapi,
	Date-Added = {2012-08-02 01:26:02 +0000},
	Date-Modified = {2012-08-09 08:06:35 +0000},
	Lastchecked = {Donnerstag, 2. August 2012},
	Month = {08},
	Title = {API Reference - Google Calendar API --- Google Developers},
	Url = {https://developers.google.com/google-apps/calendar/v3/reference/},
	Year = {2012},
	Bdsk-Url-1 = {https://developers.google.com/google-apps/calendar/v3/reference/}}
